%YAML 1.1
%TAG !u! tag:unity3d.com,2011:
--- !u!29 &1
OcclusionCullingSettings:
  m_ObjectHideFlags: 0
  serializedVersion: 2
  m_OcclusionBakeSettings:
    smallestOccluder: 5
    smallestHole: 0.25
    backfaceThreshold: 100
  m_SceneGUID: 00000000000000000000000000000000
  m_OcclusionCullingData: {fileID: 0}
--- !u!104 &2
RenderSettings:
  m_ObjectHideFlags: 0
  serializedVersion: 9
  m_Fog: 0
  m_FogColor: {r: 0.5, g: 0.5, b: 0.5, a: 1}
  m_FogMode: 3
  m_FogDensity: 0.01
  m_LinearFogStart: 0
  m_LinearFogEnd: 300
  m_AmbientSkyColor: {r: 1, g: 1, b: 1, a: 1}
  m_AmbientEquatorColor: {r: 0.114, g: 0.125, b: 0.133, a: 1}
  m_AmbientGroundColor: {r: 0.047, g: 0.043, b: 0.035, a: 1}
  m_AmbientIntensity: 1
  m_AmbientMode: 3
  m_SubtractiveShadowColor: {r: 0.42, g: 0.478, b: 0.627, a: 1}
  m_SkyboxMaterial: {fileID: 10304, guid: 0000000000000000f000000000000000, type: 0}
  m_HaloStrength: 0.5
  m_FlareStrength: 1
  m_FlareFadeSpeed: 3
  m_HaloTexture: {fileID: 0}
  m_SpotCookie: {fileID: 10001, guid: 0000000000000000e000000000000000, type: 0}
  m_DefaultReflectionMode: 0
  m_DefaultReflectionResolution: 128
  m_ReflectionBounces: 1
  m_ReflectionIntensity: 1
  m_CustomReflection: {fileID: 0}
  m_Sun: {fileID: 0}
  m_IndirectSpecularColor: {r: 0.12731753, g: 0.13414776, b: 0.121078834, a: 1}
  m_UseRadianceAmbientProbe: 0
--- !u!157 &3
LightmapSettings:
  m_ObjectHideFlags: 0
  serializedVersion: 11
  m_GIWorkflowMode: 0
  m_GISettings:
    serializedVersion: 2
    m_BounceScale: 1
    m_IndirectOutputScale: 1
    m_AlbedoBoost: 1
    m_TemporalCoherenceThreshold: 1
    m_EnvironmentLightingMode: 0
    m_EnableBakedLightmaps: 1
    m_EnableRealtimeLightmaps: 1
  m_LightmapEditorSettings:
    serializedVersion: 10
    m_Resolution: 2
    m_BakeResolution: 40
    m_AtlasSize: 1024
    m_AO: 0
    m_AOMaxDistance: 1
    m_CompAOExponent: 1
    m_CompAOExponentDirect: 0
    m_Padding: 2
    m_LightmapParameters: {fileID: 0}
    m_LightmapsBakeMode: 1
    m_TextureCompression: 1
    m_FinalGather: 0
    m_FinalGatherFiltering: 1
    m_FinalGatherRayCount: 256
    m_ReflectionCompression: 2
    m_MixedBakeMode: 2
    m_BakeBackend: 1
    m_PVRSampling: 1
    m_PVRDirectSampleCount: 32
    m_PVRSampleCount: 500
    m_PVRBounces: 2
    m_PVRFilterTypeDirect: 0
    m_PVRFilterTypeIndirect: 0
    m_PVRFilterTypeAO: 0
    m_PVRFilteringMode: 1
    m_PVRCulling: 1
    m_PVRFilteringGaussRadiusDirect: 1
    m_PVRFilteringGaussRadiusIndirect: 5
    m_PVRFilteringGaussRadiusAO: 2
    m_PVRFilteringAtrousPositionSigmaDirect: 0.5
    m_PVRFilteringAtrousPositionSigmaIndirect: 2
    m_PVRFilteringAtrousPositionSigmaAO: 1
    m_ShowResolutionOverlay: 1
  m_LightingDataAsset: {fileID: 0}
  m_UseShadowmask: 1
--- !u!196 &4
NavMeshSettings:
  serializedVersion: 2
  m_ObjectHideFlags: 0
  m_BuildSettings:
    serializedVersion: 2
    agentTypeID: 0
    agentRadius: 0.5
    agentHeight: 2
    agentSlope: 45
    agentClimb: 0.4
    ledgeDropHeight: 0
    maxJumpAcrossDistance: 0
    minRegionArea: 2
    manualCellSize: 0
    cellSize: 0.16666667
    manualTileSize: 0
    tileSize: 256
    accuratePlacement: 0
    debug:
      m_Flags: 0
  m_NavMeshData: {fileID: 0}
--- !u!1001 &244391085
Prefab:
  m_ObjectHideFlags: 0
  serializedVersion: 2
  m_Modification:
    m_TransformParent: {fileID: 0}
    m_Modifications:
    - target: {fileID: 4985785543235290, guid: bcf9d98f1b9a06b4fa03a57ce4dbf189, type: 2}
      propertyPath: m_LocalPosition.x
      value: 0
      objectReference: {fileID: 0}
    - target: {fileID: 4985785543235290, guid: bcf9d98f1b9a06b4fa03a57ce4dbf189, type: 2}
      propertyPath: m_LocalPosition.y
      value: 0
      objectReference: {fileID: 0}
    - target: {fileID: 4985785543235290, guid: bcf9d98f1b9a06b4fa03a57ce4dbf189, type: 2}
      propertyPath: m_LocalPosition.z
      value: 0
      objectReference: {fileID: 0}
    - target: {fileID: 4985785543235290, guid: bcf9d98f1b9a06b4fa03a57ce4dbf189, type: 2}
      propertyPath: m_LocalRotation.x
      value: 0
      objectReference: {fileID: 0}
    - target: {fileID: 4985785543235290, guid: bcf9d98f1b9a06b4fa03a57ce4dbf189, type: 2}
      propertyPath: m_LocalRotation.y
      value: 0
      objectReference: {fileID: 0}
    - target: {fileID: 4985785543235290, guid: bcf9d98f1b9a06b4fa03a57ce4dbf189, type: 2}
      propertyPath: m_LocalRotation.z
      value: 0
      objectReference: {fileID: 0}
    - target: {fileID: 4985785543235290, guid: bcf9d98f1b9a06b4fa03a57ce4dbf189, type: 2}
      propertyPath: m_LocalRotation.w
      value: 1
      objectReference: {fileID: 0}
    - target: {fileID: 4985785543235290, guid: bcf9d98f1b9a06b4fa03a57ce4dbf189, type: 2}
      propertyPath: m_RootOrder
      value: 4
      objectReference: {fileID: 0}
    - target: {fileID: 1150927585008044, guid: bcf9d98f1b9a06b4fa03a57ce4dbf189, type: 2}
      propertyPath: m_IsActive
      value: 1
      objectReference: {fileID: 0}
    - target: {fileID: 4208155657222638, guid: bcf9d98f1b9a06b4fa03a57ce4dbf189, type: 2}
      propertyPath: m_RootOrder
      value: 1
      objectReference: {fileID: 0}
    - target: {fileID: 4208155657222638, guid: bcf9d98f1b9a06b4fa03a57ce4dbf189, type: 2}
      propertyPath: m_LocalPosition.z
      value: 0
      objectReference: {fileID: 0}
    - target: {fileID: 4362801191798378, guid: bcf9d98f1b9a06b4fa03a57ce4dbf189, type: 2}
      propertyPath: m_LocalPosition.x
      value: -0.2
      objectReference: {fileID: 0}
    - target: {fileID: 4319949305067446, guid: bcf9d98f1b9a06b4fa03a57ce4dbf189, type: 2}
      propertyPath: m_LocalPosition.x
      value: 0.2
      objectReference: {fileID: 0}
    - target: {fileID: 114284410481340016, guid: bcf9d98f1b9a06b4fa03a57ce4dbf189,
        type: 2}
      propertyPath: flags
      value: 1
      objectReference: {fileID: 0}
    - target: {fileID: 114706909660543100, guid: bcf9d98f1b9a06b4fa03a57ce4dbf189,
        type: 2}
      propertyPath: m_TrackingType
      value: 2
      objectReference: {fileID: 0}
    - target: {fileID: 114683276151493838, guid: bcf9d98f1b9a06b4fa03a57ce4dbf189,
        type: 2}
      propertyPath: m_TrackingType
      value: 2
      objectReference: {fileID: 0}
    m_RemovedComponents: []
  m_ParentPrefab: {fileID: 100100000, guid: bcf9d98f1b9a06b4fa03a57ce4dbf189, type: 2}
  m_IsPrefabParent: 0
--- !u!1 &244391086 stripped
GameObject:
  m_PrefabParentObject: {fileID: 1671172169039560, guid: bcf9d98f1b9a06b4fa03a57ce4dbf189,
    type: 2}
  m_PrefabInternal: {fileID: 244391085}
--- !u!114 &244391087
MonoBehaviour:
  m_ObjectHideFlags: 0
  m_PrefabParentObject: {fileID: 0}
  m_PrefabInternal: {fileID: 0}
  m_GameObject: {fileID: 244391086}
  m_Enabled: 1
  m_EditorHideFlags: 0
  m_Script: {fileID: 11500000, guid: 6f19108706fdce9469603d07980eb8ad, type: 3}
  m_Name: 
  m_EditorClassIdentifier: 
  blendMode: 3
  intensity: 1
  texture: {fileID: 0}
  overlayShader: {fileID: 4800000, guid: 8c81db0e527d24acc9bcec04e87781bd, type: 3}
--- !u!1 &408856932
GameObject:
  m_ObjectHideFlags: 0
  m_PrefabParentObject: {fileID: 0}
  m_PrefabInternal: {fileID: 0}
  serializedVersion: 5
  m_Component:
  - component: {fileID: 408856933}
  m_Layer: 0
  m_Name: Scene
  m_TagString: Untagged
  m_Icon: {fileID: 0}
  m_NavMeshLayer: 0
  m_StaticEditorFlags: 0
  m_IsActive: 1
--- !u!4 &408856933
Transform:
  m_ObjectHideFlags: 0
  m_PrefabParentObject: {fileID: 0}
  m_PrefabInternal: {fileID: 0}
  m_GameObject: {fileID: 408856932}
  m_LocalRotation: {x: 0, y: 0, z: 0, w: 1}
  m_LocalPosition: {x: 0, y: 0, z: 0}
  m_LocalScale: {x: 1, y: 1, z: 1}
  m_Children:
  - {fileID: 1632978746}
  - {fileID: 1174704052}
  m_Father: {fileID: 0}
  m_RootOrder: 2
  m_LocalEulerAnglesHint: {x: 0, y: 0, z: 0}
--- !u!1 &678976309
GameObject:
  m_ObjectHideFlags: 0
  m_PrefabParentObject: {fileID: 0}
  m_PrefabInternal: {fileID: 0}
  serializedVersion: 5
  m_Component:
  - component: {fileID: 678976311}
  - component: {fileID: 678976310}
  m_Layer: 0
  m_Name: StrabismicEyeLogic
  m_TagString: Untagged
  m_Icon: {fileID: 0}
  m_NavMeshLayer: 0
  m_StaticEditorFlags: 0
  m_IsActive: 1
--- !u!114 &678976310
MonoBehaviour:
  m_ObjectHideFlags: 0
  m_PrefabParentObject: {fileID: 0}
  m_PrefabInternal: {fileID: 0}
  m_GameObject: {fileID: 678976309}
  m_Enabled: 1
  m_EditorHideFlags: 0
  m_Script: {fileID: 11500000, guid: 8743f3211afa65341b114831a0cb9edc, type: 3}
  m_Name: 
  m_EditorClassIdentifier: 
--- !u!4 &678976311
Transform:
  m_ObjectHideFlags: 0
  m_PrefabParentObject: {fileID: 0}
  m_PrefabInternal: {fileID: 0}
  m_GameObject: {fileID: 678976309}
  m_LocalRotation: {x: 0, y: 0, z: 0, w: 1}
  m_LocalPosition: {x: 0, y: 0, z: 0}
  m_LocalScale: {x: 1, y: 1, z: 1}
  m_Children: []
  m_Father: {fileID: 0}
  m_RootOrder: 3
  m_LocalEulerAnglesHint: {x: 0, y: 0, z: 0}
--- !u!1001 &741407677
Prefab:
  m_ObjectHideFlags: 0
  serializedVersion: 2
  m_Modification:
    m_TransformParent: {fileID: 0}
    m_Modifications:
    - target: {fileID: 4296779927370026, guid: 1a727c3206aa4224d965a3733c14ae6b, type: 2}
      propertyPath: m_LocalPosition.x
      value: 0
      objectReference: {fileID: 0}
    - target: {fileID: 4296779927370026, guid: 1a727c3206aa4224d965a3733c14ae6b, type: 2}
      propertyPath: m_LocalPosition.y
      value: 0
      objectReference: {fileID: 0}
    - target: {fileID: 4296779927370026, guid: 1a727c3206aa4224d965a3733c14ae6b, type: 2}
      propertyPath: m_LocalPosition.z
      value: 0
      objectReference: {fileID: 0}
    - target: {fileID: 4296779927370026, guid: 1a727c3206aa4224d965a3733c14ae6b, type: 2}
      propertyPath: m_LocalRotation.x
      value: 0
      objectReference: {fileID: 0}
    - target: {fileID: 4296779927370026, guid: 1a727c3206aa4224d965a3733c14ae6b, type: 2}
      propertyPath: m_LocalRotation.y
      value: 0
      objectReference: {fileID: 0}
    - target: {fileID: 4296779927370026, guid: 1a727c3206aa4224d965a3733c14ae6b, type: 2}
      propertyPath: m_LocalRotation.z
      value: 0
      objectReference: {fileID: 0}
    - target: {fileID: 4296779927370026, guid: 1a727c3206aa4224d965a3733c14ae6b, type: 2}
      propertyPath: m_LocalRotation.w
      value: 1
      objectReference: {fileID: 0}
    - target: {fileID: 4296779927370026, guid: 1a727c3206aa4224d965a3733c14ae6b, type: 2}
      propertyPath: m_RootOrder
      value: 0
      objectReference: {fileID: 0}
    m_RemovedComponents: []
  m_ParentPrefab: {fileID: 100100000, guid: 1a727c3206aa4224d965a3733c14ae6b, type: 2}
  m_IsPrefabParent: 0
--- !u!1001 &1174704051
Prefab:
  m_ObjectHideFlags: 0
  serializedVersion: 2
  m_Modification:
    m_TransformParent: {fileID: 408856933}
    m_Modifications:
    - target: {fileID: 4100625401426696, guid: cd7937a48cbb94910a10732157cffe2a, type: 2}
      propertyPath: m_LocalPosition.x
      value: 0
      objectReference: {fileID: 0}
    - target: {fileID: 4100625401426696, guid: cd7937a48cbb94910a10732157cffe2a, type: 2}
      propertyPath: m_LocalPosition.y
      value: 61.6
      objectReference: {fileID: 0}
    - target: {fileID: 4100625401426696, guid: cd7937a48cbb94910a10732157cffe2a, type: 2}
      propertyPath: m_LocalPosition.z
      value: 500
      objectReference: {fileID: 0}
    - target: {fileID: 4100625401426696, guid: cd7937a48cbb94910a10732157cffe2a, type: 2}
      propertyPath: m_LocalRotation.x
      value: 0.65282583
      objectReference: {fileID: 0}
    - target: {fileID: 4100625401426696, guid: cd7937a48cbb94910a10732157cffe2a, type: 2}
      propertyPath: m_LocalRotation.y
      value: -0
      objectReference: {fileID: 0}
    - target: {fileID: 4100625401426696, guid: cd7937a48cbb94910a10732157cffe2a, type: 2}
      propertyPath: m_LocalRotation.z
      value: -0
      objectReference: {fileID: 0}
    - target: {fileID: 4100625401426696, guid: cd7937a48cbb94910a10732157cffe2a, type: 2}
      propertyPath: m_LocalRotation.w
      value: 0.7575081
      objectReference: {fileID: 0}
    - target: {fileID: 4100625401426696, guid: cd7937a48cbb94910a10732157cffe2a, type: 2}
      propertyPath: m_RootOrder
      value: 1
      objectReference: {fileID: 0}
    - target: {fileID: 4100625401426696, guid: cd7937a48cbb94910a10732157cffe2a, type: 2}
      propertyPath: m_LocalScale.y
      value: 500.00006
      objectReference: {fileID: 0}
    - target: {fileID: 4100625401426696, guid: cd7937a48cbb94910a10732157cffe2a, type: 2}
      propertyPath: m_LocalScale.z
      value: 5
      objectReference: {fileID: 0}
    - target: {fileID: 23424784646718622, guid: cd7937a48cbb94910a10732157cffe2a,
        type: 2}
      propertyPath: m_Materials.Array.data[0]
      value: 
      objectReference: {fileID: 2100000, guid: eef4aa98ff8c4e84a9a97818bcea6f7d, type: 2}
    m_RemovedComponents: []
  m_ParentPrefab: {fileID: 100100000, guid: cd7937a48cbb94910a10732157cffe2a, type: 2}
  m_IsPrefabParent: 0
--- !u!4 &1174704052 stripped
Transform:
  m_PrefabParentObject: {fileID: 4100625401426696, guid: cd7937a48cbb94910a10732157cffe2a,
    type: 2}
  m_PrefabInternal: {fileID: 1174704051}
--- !u!1001 &1632978745
Prefab:
  m_ObjectHideFlags: 0
  serializedVersion: 2
  m_Modification:
    m_TransformParent: {fileID: 408856933}
    m_Modifications:
    - target: {fileID: 4544410619541536, guid: a34af8f80e5394a479fb1fbac1c1dac1, type: 2}
      propertyPath: m_LocalPosition.x
      value: 0
      objectReference: {fileID: 0}
    - target: {fileID: 4544410619541536, guid: a34af8f80e5394a479fb1fbac1c1dac1, type: 2}
      propertyPath: m_LocalPosition.y
      value: 61.6
      objectReference: {fileID: 0}
    - target: {fileID: 4544410619541536, guid: a34af8f80e5394a479fb1fbac1c1dac1, type: 2}
      propertyPath: m_LocalPosition.z
      value: 500
      objectReference: {fileID: 0}
    - target: {fileID: 4544410619541536, guid: a34af8f80e5394a479fb1fbac1c1dac1, type: 2}
      propertyPath: m_LocalRotation.x
      value: 0.65282583
      objectReference: {fileID: 0}
    - target: {fileID: 4544410619541536, guid: a34af8f80e5394a479fb1fbac1c1dac1, type: 2}
      propertyPath: m_LocalRotation.y
      value: -0
      objectReference: {fileID: 0}
    - target: {fileID: 4544410619541536, guid: a34af8f80e5394a479fb1fbac1c1dac1, type: 2}
      propertyPath: m_LocalRotation.z
      value: -0
      objectReference: {fileID: 0}
    - target: {fileID: 4544410619541536, guid: a34af8f80e5394a479fb1fbac1c1dac1, type: 2}
      propertyPath: m_LocalRotation.w
      value: 0.7575081
      objectReference: {fileID: 0}
    - target: {fileID: 4544410619541536, guid: a34af8f80e5394a479fb1fbac1c1dac1, type: 2}
      propertyPath: m_RootOrder
      value: 0
      objectReference: {fileID: 0}
    - target: {fileID: 4544410619541536, guid: a34af8f80e5394a479fb1fbac1c1dac1, type: 2}
      propertyPath: m_LocalScale.y
      value: 500.00006
      objectReference: {fileID: 0}
    - target: {fileID: 4544410619541536, guid: a34af8f80e5394a479fb1fbac1c1dac1, type: 2}
      propertyPath: m_LocalScale.z
      value: 5
      objectReference: {fileID: 0}
    - target: {fileID: 23651477328211722, guid: a34af8f80e5394a479fb1fbac1c1dac1,
        type: 2}
      propertyPath: m_Materials.Array.data[0]
      value: 
      objectReference: {fileID: 2100000, guid: ced226d16aa254d4f90948a13955ecf3, type: 2}
    m_RemovedComponents: []
  m_ParentPrefab: {fileID: 100100000, guid: a34af8f80e5394a479fb1fbac1c1dac1, type: 2}
  m_IsPrefabParent: 0
--- !u!4 &1632978746 stripped
Transform:
  m_PrefabParentObject: {fileID: 4544410619541536, guid: a34af8f80e5394a479fb1fbac1c1dac1,
    type: 2}
  m_PrefabInternal: {fileID: 1632978745}
